@InProceedings{buttazzo.ea06:optimal,
  title={{Optimal Dimensioning of a Constant Bandwidth Server}},
  author={Buttazzo, G. and Bini, E.},
  booktitle={Proceedings of the 27th IEEE International Real-Time Systems Symposium},
  pages={169--177},
  year=2006,
  organization={IEEE Computer Society Washington, DC, USA}
}

@InProceedings{mercer.ea94:processor,
  title={{Processor capacity reserves: operating system support formultimedia applications}},
  author={Mercer, CW and Savage, S. and Tokuda, H.},
  booktitle={Multimedia Computing and Systems, 1994., Proceedings of the International Conference on},
  pages={90--99},
  year=1994
}

@InProceedings{davis.ea06:resource,
  title={{Resource sharing in hierarchical fixed priority pre-emptive systems}},
  author={Davis, RI and Burns, A.},
  booktitle={Proceedings of the 27th IEEE International Real-Time Systems Symposium},
  pages={257--268},
  year=2006,
  organization={IEEE Computer Society Washington, DC, USA}
}

@article{parekh.ea93:generalized,
  title={{A generalized processor sharing approach to flow control in integrated services networks: the single-node case}},
  author={Parekh, A.K. and Gallager, R.G.},
  journal={IEEE/ACM Transactions on Networking (TON)},
  volume=1,
  number=3,
  pages={344--357},
  year=1993,
  publisher={IEEE Press Piscataway, NJ, USA}
}

@book{buttazzo05:soft,
  title={{Soft Real-Time Systems: Predictability Vs. Efficiency}},
  author={Buttazzo, G.C.},
  year=2005,
  publisher={Springer}
}

@InProceedings{caccamo.ea00:capacity,
  title={{Capacity sharing for overrun control}},
  author={Caccamo, Marco and Buttazzo, Giorgio and Sha, Lui},
  booktitle={Real-Time Systems Symposium, 2000. Proceedings. The 21st IEEE},
  pages={295--304},
  year=2000
}

@article{caccamo.ea05:efficient,
  title={{Efficient Reclaiming in Reservation-Based Real-Time Systems with Variable Execution Times}},
  author={Caccamo, M. and Buttazzo, G.C. and Thomas, D.C.},
  journal={IEEE TRANSACTIONS ON COMPUTERS},
  pages={198--213},
  year=2005,
  publisher={IEEE Computer Society}
}

@InProceedings{abeni.ea98:integrating,
  title={{Integrating multimedia applications in hard real-time systems}},
  author={Abeni, L. and Buttazzo, G.},
  booktitle={Proceedings of the IEEE Real-Time Systems Symposium},
  pages=4,
  year=1998,
  organization={IEEE Computer Society Washington, DC, USA}
}

@article{abeni.ea04:resource,
  title={{Resource Reservation in Dynamic Real-Time Systems}},
  author={Abeni, L. and Buttazzo, G.},
  journal={Real-Time Systems},
  volume=27,
  number=2,
  pages={123--167},
  year=2004,
  publisher={Springer}
}


@InProceedings{deng.ea97:scheduling,
  title={{Scheduling real-time applications in an open environment}},
  author={Deng, Z. and Liu, J.W.S.},
  booktitle={Real-Time Systems Symposium, 1997. Proceedings., The 18th IEEE},
  pages={308--319},
  year=1997
}

@article{devillers.ea00:liu,
  title={{Liu and Layland's schedulability test revisited}},
  author={Devillers, R. and Goossens, J.},
  journal={Information Processing Letters},
  volume=73,
  number={5-6},
  pages={157--161},
  year=2000,
  publisher={Elsevier}
}

@article{sha.ea90:priority,
  title={{Priority inheritance protocols: an approach to real-time synchronization}},
  author={Sha, L. and Rajkumar, R. and Lehoczky, J.P.},
  journal={IEEE Transactions on Computers},
  volume=39,
  number=9,
  pages={1175--1185},
  year=1990
}


@InProceedings{lin.ea05:improving,
  title={{Improving soft real-time performance through better slack reclaiming}},
  author={Lin, C. and Brandt, S.A.},
  booktitle={Proceedings of the 26th IEEE Real-Time Systems Symposium (RTSS 2005)},
  year = 2005,
  pages={3--14}
}

@InProceedings{palopoli.ea03:quality,
  title={{Quality of service control in soft real-time applications}},
  author={Palopoli, L. and Cucinotta, T. and Bicchi, A.},
  booktitle={Decision and Control, 2003. Proceedings. 42nd IEEE Conference on},
  volume=1,
  year=2003
}

@article{liu.ea73:scheduling,
  title={{Scheduling Algorithms for Multiprogramming in a Hard-Real-Time Environment}},
  author={Liu, CL and Layland, J.W.},
  journal={Journal of the ACM (JACM)},
  volume=20,
  number=1,
  pages={46--61},
  year=1973,
  publisher={ACM New York, NY, USA}
}

@article{abeni.ea05:qos,
  title={{QoS Management Through Adaptive Reservations}},
  author={Abeni, L. and Cucinotta, T. and Lipari, G. and Marzario, L. and Palopoli, L.},
  journal={Real-Time Systems},
  volume=29,
  number=2,
  pages={131--155},
  year=2005,
  publisher={Springer}
}

@article{rajkumar.ea01:resource,
  title={{Resource kernels: a resource-centric approach to real-time and multimedia systems}},
  author={Rajkumar, R. and Juvva, K. and Molano, A. and Oikawa, S.},
  journal={Readings in multimedia computing and networking},
  pages={476--490},
  year=2001
}

@InProceedings{abeni.ea99:adaptive,
  title={{Adaptive bandwidth reservation for multimedia computing}},
  author={Abeni, L. and Buttazzo, G.},
  booktitle={Proceedings of the IEEE Real Time Computing Systems and Applications},
  year=1999
}

@article{spuri.ea96:scheduling,
  title={{Scheduling aperiodic tasks in dynamic priority systems}},
  author={Spuri, M. and Buttazzo, G.},
  journal={Real-Time Systems},
  volume=10,
  number=2,
  pages={179--210},
  year=1996,
  publisher={Springer}
}
